%YAML 1.1
%TAG !u! tag:unity3d.com,2011:
--- !u!1 &8312768621851190534
GameObject:
  m_ObjectHideFlags: 0
  m_CorrespondingSourceObject: {fileID: 0}
  m_PrefabInstance: {fileID: 0}
  m_PrefabAsset: {fileID: 0}
  serializedVersion: 6
  m_Component:
  - component: {fileID: 617804526268915973}
  - component: {fileID: 1455708171049631051}
  - component: {fileID: 8036963612687591471}
  - component: {fileID: 1774509143348032888}
  - component: {fileID: 7006853674749988313}
  - component: {fileID: 7630130498776301525}
  - component: {fileID: 7666776198260208335}
  m_Layer: 0
  m_Name: Managers
  m_TagString: Untagged
  m_Icon: {fileID: 0}
  m_NavMeshLayer: 0
  m_StaticEditorFlags: 0
  m_IsActive: 1
--- !u!4 &617804526268915973
Transform:
  m_ObjectHideFlags: 0
  m_CorrespondingSourceObject: {fileID: 0}
  m_PrefabInstance: {fileID: 0}
  m_PrefabAsset: {fileID: 0}
  m_GameObject: {fileID: 8312768621851190534}
  serializedVersion: 2
  m_LocalRotation: {x: 0, y: 0, z: 0, w: 1}
  m_LocalPosition: {x: 81.57262, y: 214.10014, z: 14.252761}
  m_LocalScale: {x: 1, y: 1, z: 1}
  m_ConstrainProportionsScale: 0
  m_Children: []
  m_Father: {fileID: 0}
  m_LocalEulerAnglesHint: {x: 0, y: 0, z: 0}
--- !u!114 &1455708171049631051
MonoBehaviour:
  m_ObjectHideFlags: 0
  m_CorrespondingSourceObject: {fileID: 0}
  m_PrefabInstance: {fileID: 0}
  m_PrefabAsset: {fileID: 0}
  m_GameObject: {fileID: 8312768621851190534}
  m_Enabled: 1
  m_EditorHideFlags: 0
  m_Script: {fileID: 11500000, guid: 5da5d461755cabe43bc6ea778fe7c6bd, type: 3}
  m_Name: 
  m_EditorClassIdentifier: 
  menuManager: {fileID: 0}
  buildingManager: {fileID: 8036963612687591471}
  levelManager: {fileID: 0}
  enemyManager: {fileID: 0}
--- !u!114 &8036963612687591471
MonoBehaviour:
  m_ObjectHideFlags: 0
  m_CorrespondingSourceObject: {fileID: 0}
  m_PrefabInstance: {fileID: 0}
  m_PrefabAsset: {fileID: 0}
  m_GameObject: {fileID: 8312768621851190534}
  m_Enabled: 1
  m_EditorHideFlags: 0
  m_Script: {fileID: 11500000, guid: 3c079589f42b74f45878e1fb0944265c, type: 3}
  m_Name: 
  m_EditorClassIdentifier: 
  _selectedObject: {fileID: 0}
  _previewMaterial: {fileID: 2100000, guid: a2932b38d71f9684f8c875535aa2d24f, type: 2}
  _validColor: {r: 0.03720896, g: 0.8396226, b: 0, a: 0}
  _invalidColor: {r: 0.735849, g: 0, b: 0, a: 0}
  _buildGridMask:
    serializedVersion: 2
    m_Bits: 512
  _tileMask:
    serializedVersion: 2
    m_Bits: 128
--- !u!114 &1774509143348032888
MonoBehaviour:
  m_ObjectHideFlags: 0
  m_CorrespondingSourceObject: {fileID: 0}
  m_PrefabInstance: {fileID: 0}
  m_PrefabAsset: {fileID: 0}
  m_GameObject: {fileID: 8312768621851190534}
  m_Enabled: 1
  m_EditorHideFlags: 0
  m_Script: {fileID: 11500000, guid: f5a0ea55e2b37c5448672134413b0b22, type: 3}
  m_Name: 
  m_EditorClassIdentifier: 
  tilePrefabs:
  - {fileID: 268808967863997012, guid: 97d582378df00074b87fb1f18d0147e7, type: 3}
  - {fileID: 5030203670226254491, guid: 411a069b25f8be640beb7f4495b049dd, type: 3}
  - {fileID: 5942745111103135806, guid: 58b7830f0e220a0478e639e31e30ac4d, type: 3}
  - {fileID: 5998125950851717820, guid: 6177b156f26df0d4a90548f3a405a082, type: 3}
  structurePrefabs:
  - {fileID: 5219721164082109418, guid: 514bcb97c5b981c49ba536bc6e37c5d9, type: 3}
  _structureButtonPrefab: {fileID: 5649771981335902808, guid: e7258474f2c4e8c48b7716bc0cb30816,
    type: 3}
  _mainMenuButtonPrefab: {fileID: 1378486867372192426, guid: b712a71ce5439654fa117f1ca73bb965,
    type: 3}
  _buildPanel: {fileID: 0}
  _buildButtonPanel: {fileID: 0}
  _buildButton: {fileID: 0}
  _mainMenuPanel: {fileID: 0}
  _mainMenuButtonPanel: {fileID: 0}
--- !u!114 &7006853674749988313
MonoBehaviour:
  m_ObjectHideFlags: 0
  m_CorrespondingSourceObject: {fileID: 0}
  m_PrefabInstance: {fileID: 0}
  m_PrefabAsset: {fileID: 0}
  m_GameObject: {fileID: 8312768621851190534}
  m_Enabled: 1
  m_EditorHideFlags: 0
  m_Script: {fileID: 11500000, guid: e21f5ed1425b16e4c9826005804b5d3d, type: 3}
  m_Name: 
  m_EditorClassIdentifier: 
--- !u!114 &7630130498776301525
MonoBehaviour:
  m_ObjectHideFlags: 0
  m_CorrespondingSourceObject: {fileID: 0}
  m_PrefabInstance: {fileID: 0}
  m_PrefabAsset: {fileID: 0}
  m_GameObject: {fileID: 8312768621851190534}
  m_Enabled: 1
  m_EditorHideFlags: 0
  m_Script: {fileID: 11500000, guid: d2c4770ebb75a804e9b1b8ebe6cba0b2, type: 3}
  m_Name: 
  m_EditorClassIdentifier: 
--- !u!114 &7666776198260208335
MonoBehaviour:
  m_ObjectHideFlags: 0
  m_CorrespondingSourceObject: {fileID: 0}
  m_PrefabInstance: {fileID: 0}
  m_PrefabAsset: {fileID: 0}
  m_GameObject: {fileID: 8312768621851190534}
  m_Enabled: 1
  m_EditorHideFlags: 0
  m_Script: {fileID: 11500000, guid: a43fdbae52e60f446ae4a9cb0fb254db, type: 3}
  m_Name: 
  m_EditorClassIdentifier: 
  groundSurface: {fileID: 0}
  aerialSurface: {fileID: 0}
